@book{RLbook2020,
  title={Reinforcement learning: An introduction},
  author={Sutton, Richard S and Barto, Andrew G},
  year={2018},
  publisher={MIT press}
}
@article{glearning,
  title={Taming the noise in reinforcement learning via soft updates},
  author={Fox, Roy and Pakman, Ari and Tishby, Naftali},
  journal={arXiv preprint arXiv:1512.08562},
  year={2015}
}
@article{sociallearning,
  title={Social learning strategies modify the effect of network structure on group performance},
  author={Barkoczi, Daniel and Galesic, Mirta},
  journal={Nature communications},
  volume={7},
  number={1},
  pages={1--8},
  year={2016},
  publisher={Nature Publishing Group}
}
@article{monotonic,
  title={The network structure of exploration and exploitation},
  author={Lazer, David and Friedman, Allan},
  journal={Administrative science quarterly},
  volume={52},
  number={4},
  pages={667--694},
  year={2007},
  publisher={SAGE Publications Sage CA: Los Angeles, CA}
}
@article{qlearning,
  title={Q-learning},
  author={Watkins, Christopher JCH and Dayan, Peter},
  journal={Machine learning},
  volume={8},
  number={3-4},
  pages={279--292},
  year={1992},
  publisher={Springer}
}
